@article{newville2016lmfit,
  title={LMFIT: non-linear least-square minimization and curve-fitting for Python},
  author={Newville, Matthew and Stensitzki, Till and Allen, Daniel B and Rawlik, Michal and Ingargiola, Antonino and Nelson, Andrew},
  journal={Astrophysics Source Code Library},
  year={2016}
}

@article{della2013thermal,
  title={The thermal dependence of biological traits},
  author={Della, Anthony I and Pawara, Samraat and Savagea, Van M},
  journal={landscape},
  volume={36},
  pages={37},
  year={2013}
}

@article{dell2011systematic,
  title={Systematic variation in the temperature dependence of physiological and ecological traits},
  author={Dell, Anthony I and Pawar, Samraat and Savage, Van M},
  journal={Proceedings of the National Academy of Sciences},
  volume={108},
  number={26},
  pages={10591--10596},
  year={2011},
  publisher={National Acad Sciences}
}

@article{wang2009temperature,
  title={Temperature dependence, spatial scale, and tree species diversity in eastern Asia and North America},
  author={Wang, Zhiheng and Brown, James H and Tang, Zhiyao and Fang, Jingyun},
  journal={Proceedings of the National Academy of Sciences},
  volume={106},
  number={32},
  pages={13388--13392},
  year={2009},
  publisher={National Acad Sciences}
}

@article{allen2002global,
  title={Global biodiversity, biochemical kinetics, and the energetic-equivalence rule},
  author={Allen, Andrew P and Brown, James H and Gillooly, James F},
  journal={Science},
  volume={297},
  number={5586},
  pages={1545--1548},
  year={2002},
  publisher={American Association for the Advancement of Science}
}

@article{huey2009tropical,
  title={Why tropical forest lizards are vulnerable to climate warming},
  author={Huey, Raymond B and Deutsch, Curtis A and Tewksbury, Joshua J and Vitt, Laurie J and Hertz, Paul E and {\'A}lvarez P{\'e}rez, H{\'e}ctor J and Garland Jr, Theodore},
  journal={Proceedings of the Royal Society B: Biological Sciences},
  volume={276},
  number={1664},
  pages={1939--1948},
  year={2009},
  publisher={The Royal Society London}
}

@article{dell2014temperature,
  title={Temperature dependence of trophic interactions are driven by asymmetry of species responses and foraging strategy},
  author={Dell, Anthony I and Pawar, Samraat and Savage, Van M},
  journal={Journal of Animal Ecology},
  volume={83},
  number={1},
  pages={70--84},
  year={2014},
  publisher={Wiley Online Library}
}

@article{schoolfield1981non,
  title={Non-linear regression of biological temperature-dependent rate models based on absolute reaction-rate theory},
  author={Schoolfield, RM and Sharpe, PJH and Magnuson, CE},
  journal={Journal of theoretical biology},
  volume={88},
  number={4},
  pages={719--731},
  year={1981},
  publisher={Elsevier}
}

@article{johnson2004model,
  title={Model selection in ecology and evolution},
  author={Johnson, Jerald B and Omland, Kristian S},
  journal={Trends in ecology \& evolution},
  volume={19},
  number={2},
  pages={101--108},
  year={2004},
  publisher={Elsevier}
}

@article{delong2017combined,
  title={The combined effects of reactant kinetics and enzyme stability explain the temperature dependence of metabolic rates},
  author={DeLong, John P and Gibert, Jean P and Luhring, Tom M and Bachman, Gwendolyn and Reed, Benjamin and Neyer, Abigail and Montooth, KL},
  journal={Ecology and evolution},
  volume={7},
  number={11},
  pages={3940--3950},
  year={2017},
  publisher={Wiley Online Library}
}

@article{slezak2010optimal,
  title={When the optimal is not the best: parameter estimation in complex biological models},
  author={Slezak, Diego Fern{\'a}ndez and Su{\'a}rez, Cecilia and Cecchi, Guillermo A and Marshall, Guillermo and Stolovitzky, Gustavo},
  journal={PloS one},
  volume={5},
  number={10},
  pages={e13283},
  year={2010},
  publisher={Public Library of Science}
}

@article{briere1999novel,
  title={A novel rate model of temperature-dependent development for arthropods},
  author={Briere, Jean-Francois and Pracros, Pascale and Le Roux, Alain-Yves and Pierre, Jean-Sebastien},
  journal={Environmental Entomology},
  volume={28},
  number={1},
  pages={22--29},
  year={1999},
  publisher={Oxford University Press Oxford, UK}
}

@article{boltzman1872sitzungsber,
  title={Sitzungsber Kaiserl},
  author={Boltzman, L},
  journal={Akad. der Wissensch},
  volume={66},
  pages={275--370},
  year={1872}
}

@article{brown2004toward,
  title={Toward a metabolic theory of ecology},
  author={Brown, James H and Gillooly, James F and Allen, Andrew P and Savage, Van M and West, Geoffrey B},
  journal={Ecology},
  volume={85},
  number={7},
  pages={1771--1789},
  year={2004},
  publisher={Wiley Online Library}
}


