@article{henry2016microbial,
  title={Microbial community metabolic modeling: a community data-driven network reconstruction},
  author={Henry, Christopher S and Bernstein, Hans C and Weisenhorn, Pamela and Taylor, Ronald C and Lee, Joon-Yong and Zucker, Jeremy and Song, Hyun-Seob},
  journal={Journal of cellular physiology},
  volume={231},
  number={11},
  pages={2339--2345},
  year={2016},
  publisher={Wiley Online Library}
}

@article{orth2010flux,
  title={What is flux balance analysis?},
  author={Orth, Jeffrey D and Thiele, Ines and Palsson, Bernhard {\O}},
  journal={Nature biotechnology},
  volume={28},
  number={3},
  pages={245},
  year={2010},
  publisher={Nature Publishing Group}
}

@article{noecker2016metabolic,
  title={Metabolic model-based integration of microbiome taxonomic and metabolomic profiles elucidates mechanistic links between ecological and metabolic variation},
  author={Noecker, Cecilia and Eng, Alexander and Srinivasan, Sujatha and Theriot, Casey M and Young, Vincent B and Jansson, Janet K and Fredricks, David N and Borenstein, Elhanan},
  journal={MSystems},
  volume={1},
  number={1},
  pages={e00013--15},
  year={2016},
  publisher={Am Soc Microbiol}
}

@article{datta2016microbial,
  title={Microbial interactions lead to rapid micro-scale successions on model marine particles},
  author={Datta, Manoshi S and Sliwerska, Elzbieta and Gore, Jeff and Polz, Martin F and Cordero, Otto X},
  journal={Nature communications},
  volume={7},
  pages={11965},
  year={2016},
  publisher={Nature Publishing Group}
}

@article{rivett2018abundance,
  title={Abundance determines the functional role of bacterial phylotypes in complex communities},
  author={Rivett, Damian W and Bell, Thomas},
  journal={Nature microbiology},
  volume={3},
  number={7},
  pages={767},
  year={2018},
  publisher={Nature Publishing Group}
}

@article{allesina2012stability,
  title={Stability criteria for complex ecosystems},
  author={Allesina, Stefano and Tang, Si},
  journal={Nature},
  volume={483},
  number={7388},
  pages={205},
  year={2012},
  publisher={Nature Publishing Group}
}

@article{ley2008worlds,
  title={Worlds within worlds: evolution of the vertebrate gut microbiota},
  author={Ley, Ruth E and Lozupone, Catherine A and Hamady, Micah and Knight, Rob and Gordon, Jeffrey I},
  journal={Nature Reviews Microbiology},
  volume={6},
  number={10},
  pages={776},
  year={2008},
  publisher={Nature Publishing Group}
}

@article{rabaey2004biofuel,
  title={Biofuel cells select for microbial consortia that self-mediate electron transfer},
  author={Rabaey, Korneel and Boon, Nico and Siciliano, Steven D and Verhaege, Marc and Verstraete, Willy},
  journal={Appl. Environ. Microbiol.},
  volume={70},
  number={9},
  pages={5373--5382},
  year={2004},
  publisher={Am Soc Microbiol}
}

@article{torsvik2002microbial,
  title={Microbial diversity and function in soil: from genes to ecosystems},
  author={Torsvik, Vigdis and {\O}vre{\aa}s, Lise},
  journal={Current opinion in microbiology},
  volume={5},
  number={3},
  pages={240--245},
  year={2002},
  publisher={Elsevier}
}

@article{freilich2011competitive,
  title={Competitive and cooperative metabolic interactions in bacterial communities},
  author={Freilich, Shiri and Zarecki, Raphy and Eilam, Omer and Segal, Ella Shtifman and Henry, Christopher S and Kupiec, Martin and Gophna, Uri and Sharan, Roded and Ruppin, Eytan},
  journal={Nature communications},
  volume={2},
  pages={589},
  year={2011},
  publisher={Nature Publishing Group}
}

@article{goodman2010our,
  title={Our unindicted coconspirators: human metabolism from a microbial perspective},
  author={Goodman, Andrew L and Gordon, Jeffrey I},
  journal={Cell metabolism},
  volume={12},
  number={2},
  pages={111--116},
  year={2010},
  publisher={Elsevier}
}

@article{arrigo2004marine,
  title={Marine microorganisms and global nutrient cycles},
  author={Arrigo, Kevin R},
  journal={Nature},
  volume={437},
  number={7057},
  pages={349},
  year={2004},
  publisher={Nature Publishing Group}
}



@article{posfai2017metabolic,
  title={Metabolic trade-offs promote diversity in a model ecosystem},
  author={Posfai, Anna and Taillefumier, Thibaud and Wingreen, Ned S},
  journal={Physical review letters},
  volume={118},
  number={2},
  pages={028103},
  year={2017},
  publisher={APS}
}
@article{taillefumier2017microbial,
  title={Microbial consortia at steady supply},
  author={Taillefumier, Thibaud and Posfai, Anna and Meir, Yigal and Wingreen, Ned S},
  journal={Elife},
  volume={6},
  pages={e22644},
  year={2017},
  publisher={eLife Sciences Publications Limited}
}
@article{goyal2018diversity,
  title={Diversity, stability, and reproducibility in stochastically assembled microbial ecosystems},
  author={Goyal, Akshit and Maslov, Sergei},
  journal={Physical review letters},
  volume={120},
  number={15},
  pages={158102},
  year={2018},
  publisher={APS}
}
@article{marsland2019available,
  title={Available energy fluxes drive a transition in the diversity, stability, and functional structure of microbial communities},
  author={Marsland III, Robert and Cui, Wenping and Goldford, Joshua and Sanchez, Alvaro and Korolev, Kirill and Mehta, Pankaj},
  journal={PLoS computational biology},
  volume={15},
  number={2},
  pages={e1006793},
  year={2019},
  publisher={Public Library of Science}
}
@article{tikhonov2017collective,
  title={Collective phase in resource competition in a highly diverse ecosystem},
  author={Tikhonov, Mikhail and Monasson, Remi},
  journal={Physical Review Letters},
  volume={118},
  number={4},
  pages={048103},
  year={2017},
  publisher={APS}
}

